<record><leader>00000cas a22000007a 4500</leader><controlfield tag="001">29987908</controlfield><controlfield tag="008">940318d18781878ctuwr ne      0    0eng d</controlfield><datafield ind1=" " ind2=" " tag="010"><subfield code="a">sn 94053028 </subfield></datafield><datafield ind1=" " ind2=" " tag="040"><subfield code="a">CNW</subfield><subfield code="b">eng</subfield><subfield code="c">CNW</subfield><subfield code="d">OCLCQ</subfield><subfield code="d">OCLCF</subfield><subfield code="d">OCLCO</subfield></datafield><datafield ind1="1" ind2=" " tag="029"><subfield code="a">AU@</subfield><subfield code="b">000025870671</subfield></datafield><datafield ind1=" " ind2=" " tag="042"><subfield code="a">msc</subfield></datafield><datafield ind1=" " ind2=" " tag="043"><subfield code="a">n-us-ct</subfield></datafield><datafield ind1="0" ind2=" " tag="130"><subfield code="a">Middlesex monitor (Middletown, Conn.)</subfield></datafield><datafield ind1="1" ind2="0" tag="245"><subfield code="a">Middlesex monitor.</subfield></datafield><datafield ind1=" " ind2=" " tag="260"><subfield code="a">Middletown, Conn. :</subfield><subfield code="b">Ernest King, Jr.</subfield></datafield><datafield ind1=" " ind2=" " tag="300"><subfield code="a">v.</subfield></datafield><datafield ind1=" " ind2=" " tag="321"><subfield code="a">Weekly</subfield></datafield><datafield ind1="0" ind2=" " tag="362"><subfield code="a">Vol. 1, no. 1 (Mar. 16, 1878)-v.1, no. 18 (July 13, 1878).</subfield></datafield><datafield ind1=" " ind2=" " tag="500"><subfield code="a">Frequency stated as "Published Friday and Saturday", Mar. 16-30, 1878, but only one issue per week was published.</subfield></datafield><datafield ind1=" " ind2="0" tag="651"><subfield code="a">Middletown (Conn.)</subfield><subfield code="v">Newspapers.</subfield></datafield><datafield ind1=" " ind2="7" tag="655"><subfield code="a">Newspapers.</subfield><subfield code="2">fast</subfield><subfield code="0">(OCoLC)fst01423814</subfield></datafield><datafield ind1=" " ind2="7" tag="651"><subfield code="a">Connecticut</subfield><subfield code="z">Middletown.</subfield><subfield code="2">fast</subfield><subfield code="0">(OCoLC)fst01208112</subfield></datafield><datafield ind1=" " ind2=" " tag="752"><subfield code="a">United States</subfield><subfield code="b">Connecticut</subfield><subfield code="c">Middlesex</subfield><subfield code="d">Middletown.</subfield></datafield><datafield ind1="0" ind2="4" tag="785"><subfield code="t">Sentinel and witness (Middletown, Conn. : 1877)</subfield><subfield code="w">(DLC)sn 85038317</subfield><subfield code="w">(OCoLC)12372107</subfield></datafield></record>